@inproceedings{cheng2020robust,
  title={Robust Off-road Robotics Visual Navigation with Back-Projection Learning},
  author={R. Cheng, T. Manderson, D. Meger, G. Dudek},
  booktitle={2020 IEEE/RSJ International Conference on Robotics and Automation (ICRA)},
  pages={1616--1622},
  year={2020},
  organization={IEEE}
}